@inproceedings{BaeldeDS16,
	author       = {David Baelde and
	Amina Doumane and
	Alexis Saurin},
	editor       = {},
	title        = {Infinitary Proof Theory: the Multiplicative Additive Case},
	booktitle    =  {CSL},
	series       = {},
	volume       = {},
	pages        = {},
	publisher    = {},
	year         = {2016},
	url          = {https://doi.org/10.4230/LIPIcs.CSL.2016.42},
	doi          = {10.4230/LIPIcs.CSL.2016.42},
	timestamp    = {Tue, 11 Feb 2020 15:52:14 +0100},
	biburl       = {https://dblp.org/rec/conf/csl/BaeldeDS16.bib},
	bibsource    = {dblp computer science bibliography, https://dblp.org}
}

@inproceedings{BaeldeM07,
	author       = {David Baelde and
	Dale Miller},
	editor       = {},
	title        = {Least and Greatest Fixed Points in Linear Logic},
	booktitle    = {{LPAR} },
	series       = {},
	volume       = {},
	pages        = {},
	publisher    = {},
	year         = {2007},
	url          = {https://doi.org/10.1007/978-3-540-75560-9\_9},
	doi          = {10.1007/978-3-540-75560-9\_9},
	timestamp    = {Sat, 09 Apr 2022 12:44:41 +0200},
	biburl       = {https://dblp.org/rec/conf/lpar/BaeldeM07.bib},
	bibsource    = {dblp computer science bibliography, https://dblp.org}
}

@inproceedings{Curzi023,
	author       = {Gianluca Curzi and
	Anupam Das},
	title        = {Computational expressivity of (circular) proofs with fixed points},
	booktitle    = {{LICS}},
	pages        = {},
	year         = {2023},
	url          = {https://doi.org/10.1109/LICS56636.2023.10175772},
	doi          = {10.1109/LICS56636.2023.10175772},
	timestamp    = {Thu, 20 Jul 2023 11:32:59 +0200},
	biburl       = {https://dblp.org/rec/conf/lics/Curzi023.bib},
	bibsource    = {dblp computer science bibliography, https://dblp.org}
}
a service of  Schloss Dagstuhl - Leibniz Center for Informatics	homebrowsesearchaboutnfdi

@article{Girard87,
	author       = {Jean{-}Yves Girard},
	title        = {Linear Logic},
	journal      = {Theor. Comput. Sci.},
	volume       = {},
	pages        = {},
	year         = {1987},
	url          = {https://doi.org/10.1016/0304-3975(87)90045-4},
	doi          = {10.1016/0304-3975(87)90045-4},
	timestamp    = {Wed, 17 Feb 2021 22:00:41 +0100},
	biburl       = {https://dblp.org/rec/journals/tcs/Girard87.bib},
	bibsource    = {dblp computer science bibliography, https://dblp.org}
}



@inproceedings{Mazza15,
	author    = {Damiano Mazza},
	editor    = {Stephan Kreutzer},
	title     = {Simple Parsimonious Types and Logarithmic Space},
	booktitle = {{CSL}},
	series    = {},
	volume    = {},
	pages     = {},
	publisher = {},
	year      = {2015},
	url       = {https://doi.org/10.4230/LIPIcs.CSL.2015.24},
	doi       = {10.4230/LIPIcs.CSL.2015.24},
	timestamp = {Tue, 11 Feb 2020 15:52:14 +0100},
	biburl    = {https://dblp.org/rec/conf/csl/Mazza15.bib},
	bibsource = {dblp computer science bibliography, https://dblp.org}
}


@inproceedings{CurziDas1,
	author       = {Gianluca Curzi and
	Anupam Das},
	editor       = {Christel Baier and
	Dana Fisman},
	title        = {Cyclic Implicit Complexity},
	booktitle    = {{LICS} },
	pages        = {},
	publisher    = {},
	year         = {2022},
	url          = {https://doi.org/10.1145/3531130.3533340},
	doi          = {10.1145/3531130.3533340},
	timestamp    = {Tue, 09 Aug 2022 12:40:57 +0200},
	biburl       = {https://dblp.org/rec/conf/lics/Curzi022.bib},
	bibsource    = {dblp computer science bibliography, https://dblp.org}
}

@inproceedings{CurziDas2,
	author       = {Gianluca Curzi and
	Anupam Das},
	editor       = {Bartek Klin and
	Elaine Pimentel},
	title        = {Non-Uniform Complexity via Non-Wellfounded Proofs},
	booktitle    = {{CSL} },
	series       = {},
	volume       = {},
	pages        = {},
	publisher    = {},
	year         = {2023},
	url          = {https://doi.org/10.4230/LIPIcs.CSL.2023.16},
	doi          = {10.4230/LIPIcs.CSL.2023.16},
	timestamp    = {Thu, 02 Feb 2023 16:55:54 +0100},
	biburl       = {https://dblp.org/rec/conf/csl/Curzi023.bib},
	bibsource    = {dblp computer science bibliography, https://dblp.org}
}
@inproceedings{MazzaT15,
	author    = {Damiano Mazza and
	Kazushige Terui},
	editor    = {},
	title     = {Parsimonious Types and Non-uniform Computation},
	booktitle = {{ICALP} },
	series    = {},
	volume    = {},
	pages     = {},
	publisher = {},
	year      = {2015},
	url       = {https://doi.org/10.1007/978-3-662-47666-6\_28},
	doi       = {10.1007/978-3-662-47666-6\_28},
	timestamp = {Fri, 27 Mar 2020 09:02:59 +0100},
	biburl    = {https://dblp.org/rec/conf/icalp/MazzaT15.bib},
	bibsource = {dblp computer science bibliography, https://dblp.org}
}


@unpublished{Saurin,
	TITLE = {{A linear perspective on cut-elimination for non-wellfounded sequent calculi with least and greatest fixed points (extended version)}},
	AUTHOR = {Saurin, Alexis},
	URL = {},
	NOTE = {},
	YEAR = {2023},
	KEYWORDS = {},
	PDF = {https://hal.science/hal-04169137/file/TABLEAUX-2023_long-version.pdf},
	HAL_ID = {hal-04169137},
	HAL_VERSION = {v1},
}


@inproceedings{DaxHL06,
	author       = {Christian Dax and
	Martin Hofmann and
	Martin Lange},
	editor       = {},
	title        = {A Proof System for the Linear Time {\(\mathrm{\mu}\)}-Calculus},
	booktitle    = {{FSTTCS}},
	series       = {},
	volume       = {},
	pages        = {},
	publisher    = {},
	year         = {2006},
	url          = {https://doi.org/10.1007/11944836\_26},
	doi          = {10.1007/11944836\_26},
	timestamp    = {Tue, 14 May 2019 10:00:51 +0200},
	biburl       = {https://dblp.org/rec/conf/fsttcs/DaxHL06.bib},
	bibsource    = {dblp computer science bibliography, https://dblp.org}
}

@article{niwinski1996games,
	title={Games for the $\mu$-calculus},
	author={Niwi{\'n}ski, Damian and Walukiewicz, Igor},
	journal={Theoretical Computer Science},
	volume={},
	number={},
	pages={},
	year={1996},
	publisher={}
}


@article{brotherston2011sequent,
	title={Sequent calculi for induction and infinite descent},
	author={Brotherston, James and Simpson, Alex},
	journal={Journal of Logic and Computation},
	volume={},
	number={},
	pages={},
	year={2011},
	publisher={}
}

@InProceedings{das:pous:non-well,
	author =	{Anupam Das and Damien Pous},
	title =	{{Non-Wellfounded Proof Theory For (Kleene+Action)(Algebras+Lattices)}},
	booktitle =	{{CSL}},
	pages =	{},
	series =	{},
	ISBN =	{},
	ISSN =	{},
	year =	{2018},
	volume =	{},
	editor =	{},
	publisher =	{},
	address =	{},
	URL =		{http://drops.dagstuhl.de/opus/volltexte/2018/9686},
	URN =		{urn:nbn:de:0030-drops-96869},
	doi =		{10.4230/LIPIcs.CSL.2018.19},
	annote =	{}
}


@article{mints1978finite,
	title={Finite investigations of transfinite derivations},
	author={Mints, Grigori E},
	journal={Journal of Soviet Mathematics},
	volume={},
	number={},
	pages={},
	year={1978},
	publisher={}
}

@inproceedings{fortier2013cuts,
	title={Cuts for circular proofs: semantics and cut-elimination},
	author={Fortier, J{\'e}r{\^o}me and Santocanale, Luigi},
	booktitle={{CSL}},
	year={2013},
	organization={}
}


@book{Terese,
	author       = {Terese},
	title        = {Term rewriting systems},
	series       = {Cambridge tracts in theoretical computer science},
	volume       = {},
	publisher    = {},
	year         = {2003},
	isbn         = {978-0-521-39115-3},
	timestamp    = {Mon, 15 Jul 2019 16:26:46 +0200},
	biburl       = {https://dblp.org/rec/books/daglib/0008995.bib},
	bibsource    = {dblp computer science bibliography, https://dblp.org}
}

@phdthesis{quatrini:phd,
	title={S{\'e}mantique coh{\'e}rente des exponentielles: de la logique lin{\'e}aire {\`a} la logique classique},
	author={Quatrini, Myriam},
	year={1995},
	school={Aix-Marseille 2}
}

@article{DanosJ03,
	author    = {Vincent Danos and
	Jean{-}Baptiste Joinet},
	title     = {Linear logic and elementary time},
	journal   = {Inf. Comput.},
	volume    = {},
	number    = {},
	pages     = {},
	year      = {2003},
	url       = {https://doi.org/10.1016/S0890-5401(03)00010-5},
	doi       = {10.1016/S0890-5401(03)00010-5},
	timestamp = {Fri, 12 Feb 2021 22:16:27 +0100},
	biburl    = {https://dblp.org/rec/journals/iandc/DanosJ03.bib},
	bibsource = {dblp computer science bibliography, https://dblp.org}
}